<record><leader>00000cas a22000007a 4500</leader><controlfield tag="001">34417896</controlfield><controlfield tag="008">960320d19101915okuwr n       0    0eng d</controlfield><datafield ind1=" " ind2=" " tag="010"><subfield code="a">sn 96087601 </subfield></datafield><datafield ind1=" " ind2=" " tag="040"><subfield code="a">OBN</subfield><subfield code="b">eng</subfield><subfield code="c">OBN</subfield><subfield code="d">OCLCQ</subfield><subfield code="d">OCLCF</subfield><subfield code="d">OCLCO</subfield></datafield><datafield ind1="1" ind2=" " tag="029"><subfield code="a">AU@</subfield><subfield code="b">000025920545</subfield></datafield><datafield ind1=" " ind2=" " tag="042"><subfield code="a">msc</subfield></datafield><datafield ind1=" " ind2=" " tag="043"><subfield code="a">n-us-ok</subfield></datafield><datafield ind1="0" ind2="4" tag="245"><subfield code="a">The Fletcher times.</subfield></datafield><datafield ind1="3" ind2=" " tag="246"><subfield code="a">Fletcher, Okla., times</subfield></datafield><datafield ind1=" " ind2=" " tag="260"><subfield code="a">Fletcher, Okla. :</subfield><subfield code="b">J.K. Miller [and] C.E. Miller</subfield></datafield><datafield ind1=" " ind2=" " tag="300"><subfield code="a">v.</subfield></datafield><datafield ind1=" " ind2=" " tag="310"><subfield code="a">Weekly</subfield></datafield><datafield ind1="0" ind2=" " tag="362"><subfield code="a">-v. 6, no. 87 (July 30, 1915).</subfield></datafield><datafield ind1="1" ind2=" " tag="362"><subfield code="a">Began in Mar. 1910.</subfield></datafield><datafield ind1=" " ind2=" " tag="588"><subfield code="a">Description based on: Vol. 1, no. 19 (Mar. 18, 1910).</subfield></datafield><datafield ind1=" " ind2="0" tag="651"><subfield code="a">Fletcher (Okla.)</subfield><subfield code="v">Newspapers.</subfield></datafield><datafield ind1=" " ind2="0" tag="651"><subfield code="a">Comanche County (Okla.)</subfield><subfield code="v">Newspapers.</subfield></datafield><datafield ind1=" " ind2="7" tag="655"><subfield code="a">Newspapers.</subfield><subfield code="2">fast</subfield><subfield code="0">(OCoLC)fst01423814</subfield></datafield><datafield ind1=" " ind2="7" tag="651"><subfield code="a">Oklahoma</subfield><subfield code="z">Comanche County.</subfield><subfield code="2">fast</subfield><subfield code="0">(OCoLC)fst01218116</subfield></datafield><datafield ind1=" " ind2="7" tag="651"><subfield code="a">Oklahoma</subfield><subfield code="z">Fletcher.</subfield><subfield code="2">fast</subfield><subfield code="0">(OCoLC)fst01302431</subfield></datafield><datafield ind1=" " ind2=" " tag="752"><subfield code="a">United States</subfield><subfield code="b">Oklahoma</subfield><subfield code="c">Comanche</subfield><subfield code="d">Fletcher.</subfield></datafield><datafield ind1="0" ind2="0" tag="780"><subfield code="t">Elgin tribune</subfield><subfield code="w">(DLC)sn 96087600</subfield><subfield code="w">(OCoLC)34417755</subfield></datafield><datafield ind1="0" ind2="7" tag="785"><subfield code="t">Comanche County times (Lawton, Okla. : 1915)</subfield><subfield code="w">(DLC)sn 96087602</subfield><subfield code="w">(OCoLC)34418069</subfield></datafield><datafield ind1="0" ind2="7" tag="785"><subfield code="t">Fletcher times and the Comanche County times</subfield><subfield code="w">(DLC)sn 96087603</subfield><subfield code="w">(OCoLC)34418111</subfield></datafield></record>